@phdthesis{leber_diss,
    title    = {Efficient Hardware For Low Latency Applications},
    school   = {University of Mannheim},
    author   = {Leber, Christian},
    year     = {2012}
}